<?xml version="1.0" encoding="UTF-8"?><collection xmlns="http://www.loc.gov/MARC21/slim"><record><leader>00418nam--2200133-i-4500</leader><controlfield tag="001">000023025</controlfield><controlfield tag="002">20161230</controlfield><controlfield tag="005">20161230201034</controlfield><controlfield tag="008">060222s1000------------r-----000-0-eng-d</controlfield><datafield ind1=" " ind2=" " tag="080"><subfield code="a">389.6(100)</subfield></datafield><datafield ind1=" " ind2=" " tag="100"><subfield code="a">Iscrulescu, Ion, Ispasoiu, Gheorghe Si Petrescu, Vasile</subfield></datafield><datafield ind1=" " ind2=" " tag="245"><subfield code="a">Sistemul international de unitati de masura (si).generalizarea aplicarii sale</subfield></datafield><datafield ind1=" " ind2=" " tag="260"><subfield code="a">Bucuresti,Editura Tehnica, 1970. 318p</subfield></datafield><datafield ind1=" " ind2=" " tag="852"><subfield code="a">34018</subfield></datafield></record></collection>